@article{duffy,
author = {Duffy, Daniel},
year = {2004},
month = {07},
pages = {68-76},
title = {{A critique of the Crank-Nicolson scheme, strengths and weakness for financial instrument pricing}},
volume = {2004},
journal = {Wilmott},
doi = {10.1002/wilm.42820040417}
}